@book{bellac2012,
  title={Des ph{\'e}nom{\`e}nes critiques aux champs de jauge - Une introduction aux m{\'e}thodes et aux applications de la th{\'e}orie quantique des champs},
  author={Bellac, M.L.},
  isbn={9782759802845},
  series={Savoirs Actuels},
  year={2012},
  publisher={EDP Sciences}
}


@Inbook{Delamotte2012,
author="Delamotte, Bertrand",
editor="Schwenk, Achim
and Polonyi, Janos",
title="An Introduction to the Nonperturbative Renormalization Group",
bookTitle="Renormalization Group and Effective Field Theory Approaches to Many-Body Systems",
year="2012",
publisher="Springer Berlin Heidelberg",
address="Berlin, Heidelberg",
pages="49--132",
isbn="978-3-642-27320-9",
doi="10.1007/978-3-642-27320-9_2",
}
